

@Manual{citeR,
    title = {{R: A Language and Environment for Statistical Computing}},
    author = {{R Core Team}},
    organization = {R Foundation for Statistical Computing},
    address = {Vienna, Austria},
    year = {2023},
    url = {https://www.R-project.org/},
  }
  
@Manual{dplyr,
    title = {dplyr: A Grammar of Data Manipulation},
    author = {Hadley Wickham and Romain François and Lionel Henry and Kirill Müller and Davis Vaughan},
    year = {2023},
    note = {R package version 1.1.4, https://github.com/tidyverse/dplyr},
    url = {https://dplyr.tidyverse.org},
  }
  
@Article{tidyverse,
    title = {Welcome to the {tidyverse}},
    author = {Hadley Wickham and Mara Averick and Jennifer Bryan and Winston Chang and Lucy D'Agostino McGowan and Romain François and Garrett Grolemund and Alex Hayes and Lionel Henry and Jim Hester and Max Kuhn and Thomas Lin Pedersen and Evan Miller and Stephan Milton Bache and Kirill Müller and Jeroen Ooms and David Robinson and Dana Paige Seidel and Vitalie Spinu and Kohske Takahashi and Davis Vaughan and Claus Wilke and Kara Woo and Hiroaki Yutani},
    year = {2019},
    journal = {Journal of Open Source Software},
    volume = {4},
    number = {43},
    pages = {1686},
    doi = {10.21105/joss.01686},
  }
  
@Manual{readxl,
    title = {readxl: Read Excel Files},
    author = {Hadley Wickham and Jennifer Bryan},
    year = {2023},
    note = {R package version 1.4.3, https://github.com/tidyverse/readxl},
    url = {https://readxl.tidyverse.org},
  }

@Manual{knitr,
  title = {knitr: A General-Purpose Package for Dynamic Report Generation in R},
  author = {Yihui Xie},
  year = {2023},
  note = {R package version 1.40.1},
  url = {https://cran.r-project.org/web/packages/knitr/index.html},
}

@Book{ggplot2,
    author = {Hadley Wickham},
    title = {ggplot2: Elegant Graphics for Data Analysis},
    publisher = {Springer-Verlag New York},
    year = {2016},
    isbn = {978-3-319-24277-4},
    url = {https://ggplot2.tidyverse.org},
  }

@Manual{broom,
    title = {broom: Convert Statistical Objects into Tidy Tibbles},
    author = {David Robinson and Alex Hayes and Simon Couch},
    year = {2024},
    note = {R package version 1.0.7, https://github.com/tidymodels/broom},
    url = {https://broom.tidymodels.org/},
  }

@Misc{rstanarm,
    title = {{rstanarm: {Bayesian} applied regression modeling via {Stan}}},
    author = {Ben Goodrich and Jonah Gabry and Imad Ali and Sam Brilleman},
    note = {R package version 2.21.3},
    year = {2022},
    url = {https://mc-stan.org/rstanarm/},
  }
  
@Website{rohan,
    title = {Starter Folder},
    author = {Rohan Alexander},
    year = {2024},
    website = {Github},
    url = {https://github.com/RohanAlexander/starter_folder.git},
    accessed = {2024 October 23}
  }    

@Manual{palmerpenguins,
    title = {{palmerpenguins: Palmer Archipelago (Antarctica) penguin data}},
    author = {Allison Marie Horst and Alison Presmanes Hill and Kristen B Gorman},
    year = {2020},
    note = {R package version 0.1.0},
    doi = {10.5281/zenodo.3960218},
    url = {https://allisonhorst.github.io/palmerpenguins/},
  }
  
  
@book{tellingstories,
    title = {Telling Stories with Data},
    author = {Rohan Alexander},
    year = {2023},
    publisher = {Chapman; Hall/CRC},
    url = {https://tellingstorieswithdata.com/}
  }  
  
@misc{fivethirtyeight,
    author       = "{FiveThirtyEight}",
    title        = "{2024 Presidential General Election Polls}",
    year         = "2024",
    url          = "https://projects.fivethirtyeight.com/polls/president-general/2024/national/",
    note         = "Accessed: 2024-10-28"
}

  